
@misc{ProcessLevelNetworkSecurityMonitoring:AWS,
	title = {{List of AWS public IP ranges.}},
	howpublished = {\url{https://ip-ranges.amazonaws.com/ip-ranges.json}}
}

@article{ProcessLevelNetworkSecurityMonitoring:BrendanGregg,
    author = {Brendan Gregg},
    title = {{BPF Performance Tools: Linux System and Application Observability}},
    year = {2019},
    month = dec
}

@article{ProcessLevelNetworkSecurityMonitoring:LorenzoFontanaDavidCalavera,
    author = {Lorenzo Fontana and David Calavera},
    title = {{Linux Observability with BPF}},
    year = {2019},
    month = nov
}

@article{ProcessLevelNetworkSecurityMonitoring:GregKroahHartmanAlessandroRubiniJonathanCorbet,
    author = {Greg Kroah-Hartman and Alessandro Rubini and Jonathan Corbet},
    title = {{Linux Device Drivers, 3rd Edition}},
    year = {2005},
    month = feb
}

@article{ProcessLevelNetworkSecurityMonitoring:JonLangemak,
    author = {Jon Langemak},
    title = {{Docker Networking Cookbook}},
    year = {2016},
    month = nov
}

@article{ProcessLevelNetworkSecurityMonitoring:RamiRosen,
    author = {Rami Rosen},
    title = {{Linux Kernel Networking: Implementation and Theory}},
    year = {2013},
    month = dec
}

@misc{ProcessLevelNetworkSecurityMonitoring:Cilium,
	title = {{Cilium official documentation}},
	howpublished = {\url{https://docs.cilium.io}}
}

@misc{ProcessLevelNetworkSecurityMonitoring:PackagecloudSending,
    author = {Packagecloud},
    title = {{Monitoring and tuning the Linux Networking Stack: Sending Data}},
    howpublished = {\url{https://blog.packagecloud.io/eng/2017/02/06/monitoring-tuning-linux-networking-stack-sending-data/}},
    year = {2017},
    month = feb
}

@misc{ProcessLevelNetworkSecurityMonitoring:PackagecloudReceiving,
    author = {Packagecloud},
    title = {{Monitoring and tuning the Linux Networking Stack: Receiving Data}},
    howpublished = {\url{https://blog.packagecloud.io/eng/2016/06/22/monitoring-tuning-linux-networking-stack-receiving-data/}},
    year = {2016},
    month = jun
}

@misc{ProcessLevelNetworkSecurityMonitoring:GregMarsden,
	author = {Greg Marsden},
	title = {{BPF: A Tour of Program Types}},
	howpublished = {\url{https://blogs.oracle.com/linux/notes-on-bpf-1}},
	year = {2019},
    month = jan
}

@misc{ProcessLevelNetworkSecurityMonitoring:CustomResources,
    author = {Kubernetes official documentation},
    title = {{Custom resources}},
    howpublished = {\url{https://kubernetes.io/docs/concepts/extend-kubernetes/api-extension/custom-resources/}},
}

@article{ProcessLevelNetworkSecurityMonitoring:StefanSchimanskiMichaelHausenblas,
    author = {Stefan Schimanski and Michael Hausenblas},
    title = {{Programming Kubernetes}},
    year = {2019},
    month = jul
}

@article{ProcessLevelNetworkSecurityMonitoring:JohnArundelJustinDomingus,
    author = {John Arundel and Justin Domingus},
    title = {{Cloud Native DevOps with Kubernetes}},
    year = {2019},
    month = mar
}

@article{ProcessLevelNetworkSecurityMonitoring:HeartinKanikathottu,
    author = {Heartin Kanikathottu},
    title = {{AWS Security Cookbook}},
    year = {2020},
    month = feb
}

@misc{ProcessLevelNetworkSecurityMonitoring:Signal,
    author = {Signal (blogspot about domain fronting)},
    title = {{A letter from Amazon}},
    howpublished = {\url{https://signal.org/blog/looking-back-on-the-front/}},
    year = {2018},
    month = may
}

@misc{ProcessLevelNetworkSecurityMonitoring:TrafficControlManpage,
	title = {Traffic Control manpage},
	howpublished = {\url{http://man7.org/linux/man-pages/man8/tc.8.html}}
}

@misc{ProcessLevelNetworkSecurityMonitoring:KernelProbesDoc,
	title = {{Kernel Probes documentation}},
	howpublished = {\url{https://www.kernel.org/doc/Documentation/kprobes.txt}}
}

@misc{ProcessLevelNetworkSecurityMonitoring:DavidFifieldChangLanRodHynesPercyWegmannVernPaxson,
	author = {David Fifield and Chang Lan and Rod Hynes and Percy Wegmann and Vern Paxson},
	title = {{Blocking-resistant communication through domain fronting}},
	howpublished = {\url{https://www.bamsoftware.com/papers/fronting.pdf}}
}

@misc{ProcessLevelNetworkSecurityMonitoring:MichaelGerstenhaber,
    author = {Michael Gerstenhaber},
    title = {{Datadog Network Performance Monitoring}},
    howpublished = {\url{https://www.datadoghq.com/blog/network-performance-monitoring/}},
    year = {2019},
    month = nov
}

@misc{ProcessLevelNetworkSecurityMonitoring:CORE,
    author = {Andrii Nakryiko},
    title = {{BPF Portability and CO-RE}},
    howpublished = {\url{https://facebookmicrosites.github.io/bpf/blog/2020/02/19/bpf-portability-and-co-re.html}},
    year = {2020},
    month = feb
}
